%% This BibTeX bibliography file was created using BibDesk.
%% http://bibdesk.sourceforge.net/


%% Created for Jan de Leeuw at 2016-06-28 19:34:51 -0700 


%% Saved with string encoding Unicode (UTF-8) 



@book{lyusternik-schnirelmann_34,
	Author = {Lyusternik, L. and Schnirelmann, L.},
	Date-Added = {2016-06-29 02:33:07 +0000},
	Date-Modified = {2016-06-29 02:34:45 +0000},
	Publisher = {Hermann},
	Title = {M{\'e}thodes Topologiues dans les Probl{\`e}mes Variationelle},
	Year = {1934}}

@inproceedings{deleeuw_heiser_C_80,
	Address = {Amsterdam, The Netherlands},
	Author = {{De Leeuw}, J. and Heiser, W.J.},
	Booktitle = {Multivariate Analysis, Volume V},
	Date-Added = {2016-06-28 03:14:58 +0000},
	Date-Modified = {2016-06-28 03:23:03 +0000},
	Editor = {P.R. Krishnaiah},
	Pages = {501--522},
	Publisher = {North Holland Publishing Company},
	Title = {Multidimensional Scaling with Restrictions on the Configuration},
	Url = {http://www.stat.ucla.edu/~deleeuw/janspubs/1980/chapters/deleeuw_heiser_C_80.pdf},
	Year = 1980,
	Bdsk-Url-1 = {http://www.stat.ucla.edu/~deleeuw/janspubs/1980/chapters/deleeuw_heiser_C_80.pdf}}

@unpublished{lee_simchowitz_jordan_recht_16,
	Author = {Lee, J.D. and Simchowitz, M. and Jordan, M.I. and Recht, B.},
	Date-Added = {2016-06-25 06:51:33 +0000},
	Date-Modified = {2016-06-25 06:54:50 +0000},
	Note = {arXiv:1602.04915 [stat.ML]},
	Title = {{Gradient Descent Converges to Minimizers}},
	Url = {https://arxiv.org/abs/1602.04915},
	Year = {2016},
	Bdsk-Url-1 = {https://arxiv.org/abs/1602.04915}}

@article{dur_horst_locatelli_98,
	Author = {D{\"u}r, M. and Horst, R. and Locatelli, M.},
	Date-Added = {2016-06-25 00:00:31 +0000},
	Date-Modified = {2016-06-25 00:02:09 +0000},
	Journal = {Journal of Mathematical Analysis and Applications},
	Pages = {637-649},
	Title = {{Necessary and Sufficient Global Optimality Conditions for Convex Maximization Revisited}},
	Volume = {217},
	Year = {1998}}

@article{robert_67,
	Author = {Robert, F.},
	Date-Added = {2016-06-24 22:43:58 +0000},
	Date-Modified = {2016-06-28 03:22:02 +0000},
	Journal = {Revue Francaise d'Automatique, d'Informatique Et De Recherche Operationelle},
	Pages = {97-118},
	Title = {{Calcul du Rapport Maximal de Deux Normes sur $\mathbb{R}^n$}},
	Volume = 1,
	Year = 1967}

@inproceedings{trosset_mathar_97,
	Address = {Alexandria, VA},
	Author = {Trosset, M.W. and Mathar, R.},
	Booktitle = {Proceedings of the Statistical Computing Section},
	Date-Added = {2016-06-24 17:20:08 +0000},
	Date-Modified = {2016-06-28 03:22:33 +0000},
	Pages = {158--162},
	Publisher = {American Statistical Association},
	Title = {{On the Existence on Nonglobal Minimizers of the STRESS Criterion for Metric Multidimensional Scaling}},
	Year = 1997}

@techreport{deleeuw_R_93c,
	Address = {Los Angeles, CA},
	Author = {De Leeuw, J.},
	Date-Added = {2016-06-23 20:18:37 +0000},
	Date-Modified = {2016-06-23 20:18:37 +0000},
	Institution = {UCLA Department of Statistics},
	Number = 130,
	Title = {Fitting Distances by Least Squares},
	Type = {Preprint Series},
	Url = {http://www.stat.ucla.edu/~deleeuw/janspubs/1993/reports/deleeuw_R_93c.pdf},
	Year = 1993,
	Bdsk-Url-1 = {http://preprints.stat.ucla.edu/download.php?paper=130},
	Bdsk-Url-2 = {http://www.stat.ucla.edu/~deleeuw/janspubs/1993/reports/deleeuw_R_93c.pdf}}

@electronic{deleeuw_groenen_mair_E_16e,
	Author = {De Leeuw, J. and Groenen, P. and Mair, P.},
	Date-Added = {2016-06-23 19:23:17 +0000},
	Date-Modified = {2016-06-23 19:23:17 +0000},
	Doi = {10.13140/RG.2.1.1038.4407},
	Title = {Full-dimensional Scaling},
	Url = {http://rpubs.com/deleeuw/146548},
	Year = {2016},
	Bdsk-Url-1 = {http://rpubs.com/deleeuw/146548},
	Bdsk-Url-2 = {http://dx.doi.org/10.13140/RG.2.1.1038.4407}}

@article{deleeuw_A_84f,
	Author = {De Leeuw, J.},
	Date-Added = {2016-06-21 22:18:55 +0000},
	Date-Modified = {2016-06-21 22:18:55 +0000},
	Journal = {Psychometrika},
	Pages = {111-113},
	Title = {Differentiability of Kruskal's Stress at a Local Minimum},
	Url = {http://www.stat.ucla.edu/~deleeuw/janspubs/1984/articles/deleeuw_A_84f.pdf},
	Volume = 49,
	Year = 1984,
	Bdsk-Url-1 = {http://www.stat.ucla.edu/~deleeuw/janspubs/1984/articles/deleeuw_A_84f.pdf}}

@article{deleeuw_A_88b,
	Author = {De Leeuw, J.},
	Date-Added = {2016-06-21 21:58:45 +0000},
	Date-Modified = {2016-06-21 21:58:45 +0000},
	Journal = {Journal of Classification},
	Pages = {163--180},
	Title = {Convergence of the Majorization Method for Multidimensional Scaling},
	Url = {http://www.stat.ucla.edu/~deleeuw/janspubs/1988/articles/deleeuw_A_88b.pdf},
	Volume = 5,
	Year = 1988,
	Bdsk-Url-1 = {http://www.stat.ucla.edu/~deleeuw/janspubs/1988/articles/deleeuw_A_88b.pdf}}

@article{kruskal_64a,
	Author = {Kruskal, J.B.},
	Date-Added = {2016-06-21 21:35:13 +0000},
	Date-Modified = {2016-06-28 03:21:38 +0000},
	Journal = {Psychometrika},
	Pages = {1-27},
	Title = {{Multidimensional Scaling by Optimizing Goodness of Fit to a Nonmetric Hypothesis}},
	Volume = 29,
	Year = 1964}

@article{kruskal_64b,
	Author = {Kruskal, J.B.},
	Date-Added = {2016-06-21 21:35:13 +0000},
	Date-Modified = {2016-06-28 03:21:52 +0000},
	Journal = {Psychometrika},
	Pages = {115-129},
	Title = {{Nonmetric Multidimensional Scaling: a Numerical Method}},
	Volume = 29,
	Year = 1964}

@inproceedings{deleeuw_C_77,
	Address = {Amsterdam, The Netherlands},
	Author = {De Leeuw, J.},
	Booktitle = {Recent developments in statistics},
	Date-Added = {2016-06-21 21:34:43 +0000},
	Date-Modified = {2016-06-21 21:34:43 +0000},
	Editor = {J.R. Barra and F. Brodeau and G. Romier and Van Cutsem, B.},
	Pages = {133-145},
	Publisher = {North Holland Publishing Company},
	Title = {Applications of Convex Analysis to Multidimensional Scaling},
	Url = {http://www.stat.ucla.edu/~deleeuw/janspubs/1977/chapters/deleeuw_C_77.pdf},
	Year = 1977,
	Bdsk-Url-1 = {http://www.stat.ucla.edu/~deleeuw/janspubs/1977/chapters/deleeuw_C_77.pdf}}

@article{deleeuw_mair_A_09c,
	Author = {De Leeuw, J. and P. Mair},
	Date-Added = {2016-06-21 21:34:28 +0000},
	Date-Modified = {2016-06-21 21:34:28 +0000},
	Journal = {Journal of Statistical Software},
	Number = 3,
	Pages = {1--30},
	Title = {Multidimensional Scaling Using Majorization: SMACOF in R},
	Url = {http://www.stat.ucla.edu/~deleeuw/janspubs/2009/articles/deleeuw_mair_A_09c.pdf},
	Volume = 31,
	Year = 2009,
	Bdsk-Url-1 = {http://www.jstatsoft.org/v31/i05/paper.},
	Bdsk-Url-2 = {http://www.stat.ucla.edu/~deleeuw/janspubs/2009/articles/deleeuw_mair_A_09c.pdf}}
